@inproceedings{imagenet_cvpr09,
    AUTHOR = {Deng, J. and Dong, W. and Socher, R. and Li, L.-J. and Li, K. and Fei-Fei, L.},
    TITLE = {{ImageNet: A Large-Scale Hierarchical Image Database}},
    BOOKTITLE = {CVPR09},
    YEAR = {2009},
    BIBSOURCE = "http://www.image-net.org/papers/imagenet_cvpr09.bib" }

@article{huang2018densely,
    title = {Densely connected convolutional networks. arXiv 2016},
    author = {Huang, Gao and Liu, Zhuang and Weinberger, Kilian Q and van der Maaten, Laurens},
    journal = {arXiv preprint arXiv:1608.06993},
    volume = {1608},
    year = {2018}
}

@article{zhao2017towards,
    title = {Towards deeper understanding of variational autoencoding models},
    author = {Zhao, Shengjia and Song, Jiaming and Ermon, Stefano},
    journal = {arXiv preprint arXiv:1702.08658},
    year = {2017}
}

@inproceedings{liu2015faceattributes,
    title = {Deep Learning Face Attributes in the Wild},
    author = {Liu, Ziwei and Luo, Ping and Wang, Xiaogang and Tang, Xiaoou},
    booktitle = {Proceedings of International Conference on Computer Vision (ICCV)},
    month = {December},
    year = {2015}
}

@article{scikit,
    title = {Scikit-learn: Machine learning in Python},
    author = {Pedregosa, Fabian and Varoquaux, Ga{\"e}l and Gramfort, Alexandre and Michel, Vincent and Thirion, Bertrand and Grisel, Olivier and Blondel, Mathieu and Prettenhofer, Peter and Weiss, Ron and Dubourg, Vincent and others},
    journal = {the Journal of machine Learning research},
    volume = {12},
    pages = {2825--2830},
    year = {2011},
    publisher = {JMLR. org}
}


@article{lecun-mnisthandwrittendigit-2010,
    added-at = {2010-06-28T21:16:30.000+0200},
    author = {LeCun, Yann and Cortes, Corinna},
    biburl = {https://www.bibsonomy.org/bibtex/2935bad99fa1f65e03c25b315aa3c1032/mhwombat},
    groups = {public},
    howpublished = {http://yann.lecun.com/exdb/mnist/},
    interhash = {21b9d0558bd66279df9452562df6e6f3},
    intrahash = {935bad99fa1f65e03c25b315aa3c1032},
    keywords = {MSc _checked character_recognition mnist network neural},
    lastchecked = {2016-01-14 14:24:11},
    timestamp = {2016-07-12T19:25:30.000+0200},
    title = {{MNIST} handwritten digit database},
    url = {http://yann.lecun.com/exdb/mnist/},
    username = {mhwombat},
    year = 2010
}

@article{adam,
    title = {A method for stochastic optimization. arXiv 2014},
    author = {Kingma, Diederik P and Ba, J Adam},
    journal = {arXiv preprint arXiv:1412.6980},
    volume = {434},
    year = {2019}
}

@misc{doersch2016tutorial,
    title = {Tutorial on Variational Autoencoders},
    author = {Carl Doersch},
    year = {2016},
    eprint = {1606.05908},
    archivePrefix = {arXiv},
    primaryClass = {stat.ML}
}

@inproceedings{wu2018multimodal,
    title = {Multimodal generative models for scalable weakly-supervised learning},
    author = {Wu, Mike and Goodman, Noah},
    booktitle = {Advances in Neural Information Processing Systems},
    pages = {5575--5585},
    year = {2018}
}

@article{netzer2011reading,
    title = {Reading digits in natural images with unsupervised feature learning},
    author = {Netzer, Yuval and Wang, Tao and Coates, Adam and Bissacco, Alessandro and Wu, Bo and Ng, Andrew Y},
    year = {2011}
}
@inproceedings{shi2019variational,
    title = {Variational mixture-of-experts autoencoders for multi-modal deep generative models},
    author = {Shi, Yuge and Siddharth, Narayanaswamy and Paige, Brooks and Torr, Philip},
    booktitle = {Advances in Neural Information Processing Systems},
    pages = {15718--15729},
    year = {2019}
}

@inproceedings{liu2015deep,
    title = {Deep learning face attributes in the wild},
    author = {Liu, Ziwei and Luo, Ping and Wang, Xiaogang and Tang, Xiaoou},
    booktitle = {Proceedings of the IEEE international conference on computer vision},
    pages = {3730--3738},
    year = {2015}
}

@article{thomas_multimodal,
    title = {Multimodal Generative Learning Utilizing Jensen-Shannon-Divergence},
    author = {Sutter, Thomas M and Daunhawer, Imant and Vogt, Julia E},
    journal = {arXiv preprint arXiv:2006.08242},
    year = {2020}
}

@article{bowman2015generating,
  title={Generating sentences from a continuous space},
  author={Bowman, Samuel R and Vilnis, Luke and Vinyals, Oriol and Dai, Andrew M and Jozefowicz, Rafal and Bengio, Samy},
  journal={arXiv preprint arXiv:1511.06349},
  year={2015}
}

@article{gulrajani2016pixelvae,
  title={Pixelvae: A latent variable model for natural images},
  author={Gulrajani, Ishaan and Kumar, Kundan and Ahmed, Faruk and Taiga, Adrien Ali and Visin, Francesco and Vazquez, David and Courville, Aaron},
  journal={arXiv preprint arXiv:1611.05013},
  year={2016}
}

@article{kingma2015variational,
  title={Variational dropout and the local reparameterization trick},
  author={Kingma, Diederik P and Salimans, Tim and Welling, Max},
  journal={arXiv preprint arXiv:1506.02557},
  year={2015}
}

@inproceedings{das2017visual,
  title={Visual dialog},
  author={Das, Abhishek and Kottur, Satwik and Gupta, Khushi and Singh, Avi and Yadav, Deshraj and Moura, Jos{\'e} MF and Parikh, Devi and Batra, Dhruv},
  booktitle={Proceedings of the IEEE Conference on Computer Vision and Pattern Recognition},
  pages={326--335},
  year={2017}
}


@inproceedings{antol2015vqa,
  title={Vqa: Visual question answering},
  author={Antol, Stanislaw and Agrawal, Aishwarya and Lu, Jiasen and Mitchell, Margaret and Batra, Dhruv and Zitnick, C Lawrence and Parikh, Devi},
  booktitle={Proceedings of the IEEE international conference on computer vision},
  pages={2425--2433},
  year={2015}
}

@article{dosovitskiy2016generating,
  title={Generating images with perceptual similarity metrics based on deep networks},
  author={Dosovitskiy, Alexey and Brox, Thomas},
  journal={arXiv preprint arXiv:1602.02644},
  year={2016}
}

@inproceedings{kovaleva2020towards,
  title={Towards Visual Dialog for Radiology},
  author={Kovaleva, Olga and Shivade, Chaitanya and Kashyap, Satyananda and Kanjaria, Karina and Wu, Joy and Ballah, Deddeh and Coy, Adam and Karargyris, Alexandros and Guo, Yufan and Beymer, David Beymer and others},
  booktitle={Proceedings of the 19th SIGBioMed Workshop on Biomedical Language Processing},
  pages={60--69},
  year={2020}
}

@inproceedings{he2016deep,
  title={Deep residual learning for image recognition},
  author={He, Kaiming and Zhang, Xiangyu and Ren, Shaoqing and Sun, Jian},
  booktitle={Proceedings of the IEEE conference on computer vision and pattern recognition},
  pages={770--778},
  year={2016}
}


@software{mimic_repsep,
	title = {Jimmy2027/Mimic\_RepSep},
	rights = {{GPL}-3.0 License         ,                 {GPL}-3.0 License},
	url = {https://github.com/Jimmy2027/Mimic_RepSep},
	abstract = {Contribute to Jimmy2027/Mimic\_RepSep development by creating an account on {GitHub}.},
	author = {Hendrik{\textbackslash}\_Klug},
	urldate = {2021-02-16},
	date = {2021-02-15},
	note = {original-date: 2021-01-16T14:03:58Z}
}

@article{ioanas2018reproducible,
  title={Reproducible self-publishing for Python-based research},
  author={Ioanas, Horea-Ioan and Rudin, Markus},
  journal={EuroSciPy, August},
  year={2018}
}


@inproceedings{
thomas_gener-ELBO,
    title = {Generalized Multimodal {\{}ELBO{\}}},
    author = {Thomas Marco Sutter and Imant Daunhawer and Julia E Vogt},
    booktitle = {International Conference on Learning Representations},
    year = {2021},
    url = {https://openreview.net/forum?id=5Y21V0RDBV}
}

@article{rajpurkar2017chexnet,
    title = {Chexnet: Radiologist-level pneumonia detection on chest x-rays with deep learning},
    author = {Rajpurkar, Pranav and Irvin, Jeremy and Zhu, Kaylie and Yang, Brandon and Mehta, Hershel and Duan, Tony and Ding, Daisy and Bagul, Aarti and Langlotz, Curtis and Shpanskaya, Katie and others},
    journal = {arXiv preprint arXiv:1711.05225},
    year = {2017}
}

@article{johnson2019mimic,
    title = {MIMIC-CXR-JPG, a large publicly available database of labeled chest radiographs},
    author = {Johnson, Alistair EW and Pollard, Tom J and Greenbaum, Nathaniel R and Lungren, Matthew P and Deng, Chih-ying and Peng, Yifan and Lu, Zhiyong and Mark, Roger G and Berkowitz, Seth J and Horng, Steven},
    journal = {arXiv preprint arXiv:1901.07042},
    year = {2019}
}